@article{annette,
    author          =   {Timm, F. Annette},
    title           =   {Sex with a Purpose},
    subtitle        =   {Prostitution, Venereal Disease, and Militarized Masculinity in the Third Reich},
    journaltitle    =   {Journal of the History of Sexuality},
    volume          =   {11},
    number          =   {1/2},
    issue           =   {Special Issue: Sexuality and German Fascism},
    date            =   {2002-01/2002-04},
    pages           =   {223 - 225},
    url             =   {http://www.jstor.org/stable/3704557}
}
